<record><leader>     nam a22       #4500</leader><controlfield tag="007">t</controlfield><controlfield tag="008">eng</controlfield><datafield ind1="#" ind2="#" tag="030"><subfield code="b">http://localhost:8000/editor/submission/4/</subfield></datafield><datafield ind1="1" ind2="#" tag="100"><subfield code="a">Cleary, Ioannis</subfield></datafield><datafield ind1="1" ind2="0" tag="245"><subfield code="a">Demo</subfield><subfield code="c" /></datafield><datafield ind1="#" ind2="#" tag="260"><subfield code="a">Falkirk</subfield><subfield code="b">The Press!</subfield><subfield code="c">2015-10-13</subfield></datafield><datafield ind1="#" ind2="#" tag="300"><subfield code="a">15 pages</subfield></datafield><datafield ind1="#" ind2="#" tag="336"><subfield code="a">text</subfield><subfield code="2">rdacontent</subfield></datafield><datafield ind1="#" ind2="#" tag="337"><subfield code="a">unmediated</subfield><subfield code="2">rdamedia</subfield></datafield><datafield ind1="#" ind2="#" tag="338"><subfield code="a">volume</subfield><subfield code="2">rdacarrier</subfield></datafield><datafield ind1="#" ind2="#" tag="546"><subfield code="a">English</subfield></datafield><datafield ind1="1" ind2="#" tag="700"><subfield code="a">Cleary, Ioannis</subfield><subfield code="e">Press editor</subfield></datafield><datafield ind1="1" ind2="#" tag="700"><subfield code="a">Rowling, J.K.</subfield><subfield code="e">Press editor</subfield></datafield><datafield ind1="#" ind2="0" tag="830"><subfield code="a">fsfs</subfield></datafield><datafield ind1="1" ind2="#" tag="700"><subfield code="a">Cleary, Ioannis</subfield><subfield code="e">Series editor</subfield></datafield></record>